@article{Elsevier-DeepVisualDA,
  title={Deep visual domain adaptation: A survey},
  author={Wang, Mei and Deng, Weihong},
  journal={Neurocomputing},
  volume={312},
  pages={135--153},
  year={2018},
  publisher={Elsevier}
}

@article{Elsevier-SBADAGAN,
  title={Domain Adaptation with SBADA-GAN and Mean Teacher},
  author={Feng, Chengjian and He, Zhaoshui and Wang, Jiawei and Lin, Qinzhuang and Zhu, Zhouping and Lv, Jun and Xie, Shengli},
  journal={Neurocomputing},
  year={2019},
  publisher={Elsevier}
}

@article{Elsevier-UDAFeature,
  title={Unsupervised domain adaptation via representation learning and adaptive classifier learning},
  author={Gheisari, Marzieh and Baghshah, Mahdieh Soleymani},
  journal={Neurocomputing},
  volume={165},
  pages={300--311},
  year={2015},
  publisher={Elsevier}
}

@article{BatchNorm,
  title={Batch normalization: Accelerating deep network training by reducing internal covariate shift},
  author={Ioffe, Sergey and Szegedy, Christian},
  journal={arXiv preprint arXiv:1502.03167},
  year={2015}
}


@article{DomainAgnostic,
  title={Domain Agnostic Learning with Disentangled Representations},
  author={Peng, Xingchao and Huang, Zijun and Sun, Ximeng and Saenko, Kate},
  journal={arXiv preprint arXiv:1904.12347},
  year={2019}
}

@inproceedings{AlexNet,
  title={Imagenet classification with deep convolutional neural networks},
  author={Krizhevsky, Alex and Sutskever, Ilya and Hinton, Geoffrey E},
  booktitle={Advances in Neural Information Processing Systems},
  pages={1097--1105},
  year={2012}
}

@article{DomainShift,
  title={Covariate shift by kernel mean matching},
  author={Gretton, Arthur and Smola, Alex and Huang, Jiayuan and Schmittfull, Marcel and Borgwardt, Karsten and Sch{\"o}lkopf, Bernhard},
  journal={Dataset Shift in Machine Learning},
  volume={3},
  number={4},
  pages={5},
  year={2009}
}

@article{DeepDomainConfusion,
  title={Deep domain confusion: Maximizing for domain invariance},
  author={Tzeng, Eric and Hoffman, Judy and Zhang, Ning and Saenko, Kate and Darrell, Trevor},
  journal={arXiv preprint arXiv:1412.3474},
  year={2014}
}

@inproceedings{ADDA,
  title={Adversarial discriminative domain adaptation},
  author={Tzeng, Eric and Hoffman, Judy and Saenko, Kate and Darrell, Trevor},
  booktitle={Proceedings of the IEEE Conference on Computer Vision and Pattern Recognition},
  pages={7167--7176},
  year={2017}
}

@inproceedings{DeepCocktail,
  title={Deep cocktail network: Multi-source unsupervised domain adaptation with category shift},
  author={Xu, Ruijia and Chen, Ziliang and Zuo, Wangmeng and Yan, Junjie and Lin, Liang},
  booktitle={Proceedings of the IEEE Conference on Computer Vision and Pattern Recognition},
  pages={3964--3973},
  year={2018}
}

@inproceedings{GenerateToAdapt,
  title={Generate to adapt: Aligning domains using generative adversarial networks},
  author={Sankaranarayanan, Swami and Balaji, Yogesh and Castillo, Carlos D and Chellappa, Rama},
  booktitle={Proceedings of the IEEE Conference on Computer Vision and Pattern Recognition},
  pages={8503--8512},
  year={2018}
}

@inproceedings{DupGAN,
  title={Duplex generative adversarial network for unsupervised domain adaptation},
  author={Hu, Lanqing and Kan, Meina and Shan, Shiguang and Chen, Xilin},
  booktitle={Proceedings of the IEEE Conference on Computer Vision and Pattern Recognition},
  pages={1498--1507},
  year={2018}
}

@article{DeepAdaptationNetworks,
  title={Learning transferable features with deep adaptation networks},
  author={Long, Mingsheng and Cao, Yue and Wang, Jianmin and Jordan, Michael I},
  journal={arXiv preprint arXiv:1502.02791},
  year={2015}
}

@article{DomainAdversrialNetwork,
  title={Domain-adversarial training of neural networks},
  author={Ganin, Yaroslav and Ustinova, Evgeniya and Ajakan, Hana and Germain, Pascal and Larochelle, Hugo and Laviolette, Fran{\c{c}}ois and Marchand, Mario and Lempitsky, Victor},
  journal={The Journal of Machine Learning Research},
  volume={17},
  number={1},
  pages={2096--2030},
  year={2016},
  publisher={JMLR.org}
}

@inproceedings{DomainSeparationNetworks,
  title={Domain separation networks},
  author={Bousmalis, Konstantinos and Trigeorgis, George and Silberman, Nathan and Krishnan, Dilip and Erhan, Dumitru},
  booktitle={Advances in Neural Information Processing Systems},
  pages={343--351},
  year={2016}
}


@inproceedings{DeepCoral,
  title={Deep coral: Correlation alignment for deep domain adaptation},
  author={Sun, Baochen and Saenko, Kate},
  booktitle={Proceedings of the European Conference on Computer Vision},
  pages={443--450},
  year={2016},
}


@inproceedings{PartialDA,
  title={Partial adversarial domain adaptation},
  author={Cao, Zhangjie and Ma, Lijia and Long, Mingsheng and Wang, Jianmin},
  booktitle={Proceedings of the European Conference on Computer Vision},
  pages={135--150},
  year={2018}
}

@inproceedings{PartialDA-iw,
  title={Importance weighted adversarial nets for partial domain adaptation},
  author={Zhang, Jing and Ding, Zewei and Li, Wanqing and Ogunbona, Philip},
  booktitle={Proceedings of the IEEE Conference on Computer Vision and Pattern Recognition},
  pages={8156--8164},
  year={2018}
}

@inproceedings{PartialDA-san,
  title={Partial transfer learning with selective adversarial networks},
  author={Cao, Zhangjie and Long, Mingsheng and Wang, Jianmin and Jordan, Michael I},
  booktitle={Proceedings of the IEEE Conference on Computer Vision and Pattern Recognition},
  pages={2724--2732},
  year={2018}
}

@article{PartialDA-tf,
  title={Learning to Transfer Examples for Partial Domain Adaptation},
  author={Cao, Zhangjie and You, Kaichao and Long, Mingsheng and Wang, Jianmin and Yang, Qiang},
  journal={arXiv preprint arXiv:1903.12230},
  year={2019}
}


@article{TransferLearningSurvey,
  title={A survey on transfer learning},
  author={Pan, Sinno Jialin and Yang, Qiang},
  journal={IEEE Transactions on Knowledge and Data Engineering},
  volume={22},
  number={10},
  pages={1345--1359},
  year={2010},
  publisher={IEEE}
}

@article{tao2014sparsity,
  title={Sparsity regularization label propagation for domain adaptation learning},
  author={Tao, Jianwen and Hu, Wenjun and Wang, Shitong},
  journal={Neurocomputing},
  volume={139},
  pages={202--219},
  year={2014},
  publisher={Elsevier}
}

@article{pan2016domain,
  title={Domain adaptation via multi-layer transfer learning},
  author={Pan, Jianhan and Hu, Xuegang and Li, Peipei and Li, Huizong and He, Wei and Zhang, Yuhong and Lin, Yaojin},
  journal={Neurocomputing},
  volume={190},
  pages={10--24},
  year={2016},
  publisher={Elsevier}
}

@article{liu2018coupled,
 author = {Liu, Jieyan and Li, Jingjing and Lu, Ke},
 title = {Coupled Localglobal Adaptation for Multi-source Transfer Learning},
 journal = {Neurocomputing.},
 volume = {275},
 year = {2018},
 pages = {247--254},
 publisher = {Elsevier},
} 

@article{xiao2018semantic,
author = {Xiaofeng Mao and Shuhui Wang and Liying Zheng and Qingming Huang},
title = {Semantic invariant cross-domain image generation with generative adversarial networks},
journal = {Neurocomputing.},
volume = {293},
pages = {55 - 63},
year = {2018},
publisher = {Elsevier},
}

@inproceedings{OpensetDA-bp,
  title={Open set domain adaptation by backpropagation},
  author={Saito, Kuniaki and Yamamoto, Shohei and Ushiku, Yoshitaka and Harada, Tatsuya},
  booktitle={Proceedings of the European Conference on Computer Vision},
  pages={153--168},
  year={2018}
}


@inproceedings{OpensetsDA,
  title={Open set domain adaptation},
  author={Panareda Busto, Pau and Gall, Juergen},
  booktitle={Proceedings of the IEEE International Conference on Computer Vision},
  pages={754--763},
  year={2017}
}


@InProceedings{TransferableAttentionDA,
  title={Transferable Attention for Domain Adaptation},
  author={Wang, Ximei and Li, Liang and Ye, Weirui and Long, Mingsheng and Wang, Jianmin},
  booktitle={Thirty-Third AAAI Conference on Artificial Intelligence},
  year={2019}
}

@InProceedings{UniversalDomainAdaptation,
author = {You, Kaichao and Long, Mingsheng and Cao, Zhangjie and Wang, Jianmin and Jordan, Michael I.},
title = {Universal Domain Adaptation},
booktitle = {The IEEE Conference on Computer Vision and Pattern Recognition},
month = {June},
year = {2019}
}

@article{MomentumSGD,
  title={On the momentum term in gradient descent learning algorithms},
  author={Qian, Ning},
  journal={Neural Networks},
  volume={12},
  number={1},
  pages={145--151},
  year={1999},
  publisher={Elsevier}
}



@inproceedings{Office-31,
  title={Adapting visual category models to new domains},
  author={Saenko, Kate and Kulis, Brian and Fritz, Mario and Darrell, Trevor},
  booktitle={European Conference on Computer Vision},
  pages={213--226},
  year={2010},
  organization={Springer}
}

@article{VisDA,
  title={Visda: The visual domain adaptation challenge},
  author={Peng, Xingchao and Usman, Ben and Kaushik, Neela and Hoffman, Judy and Wang, Dequan and Saenko, Kate},
  journal={arXiv preprint arXiv:1710.06924},
  year={2017}
}

@inproceedings{Office-Home,
  title={Deep hashing network for unsupervised domain adaptation},
  author={Venkateswara, Hemanth and Eusebio, Jose and Chakraborty, Shayok and Panchanathan, Sethuraman},
  booktitle={Proceedings of the IEEE Conference on Computer Vision and Pattern Recognition},
  pages={5018--5027},
  year={2017}
}


@inproceedings{OSVM,
  title={Multi-class open set recognition using probability of inclusion},
  author={Jain, Lalit P and Scheirer, Walter J and Boult, Terrance E},
  booktitle={European Conference on Computer Vision},
  pages={393--409},
  year={2014},
  organization={Springer}
}

@inproceedings{MMD,
  title={A kernel method for the two-sample-problem},
  author={Gretton, Arthur and Borgwardt, Karsten and Rasch, Malte and Sch{\"o}lkopf, Bernhard and Smola, Alex J},
  booktitle={Advances in Neural Information Processing Systems},
  pages={513--520},
  year={2007}
}

@article{MMDnetworks,
  title={Learning transferable features with deep adaptation networks},
  author={Long, Mingsheng and Cao, Yue and Wang, Jianmin and Jordan, Michael I},
  journal={arXiv preprint arXiv:1502.02791},
  year={2015}
}

@inproceedings{BPOSVM,
  title={Geodesic flow kernel for unsupervised domain adaptation},
  author={Gong, Boqing and Shi, Yuan and Sha, Fei and Grauman, Kristen},
  booktitle={2012 IEEE Conference on Computer Vision and Pattern Recognition},
  pages={2066--2073},
  year={2012},
  organization={IEEE}
}

@inproceedings{ATI,
  title={Open set domain adaptation},
  author={Panareda Busto, Pau and Gall, Juergen},
  booktitle={Proceedings of the IEEE International Conference on Computer Vision},
  pages={754--763},
  year={2017}
}



@inproceedings{2017calibration,
  title={On calibration of modern neural networks},
  author={Guo, Chuan and Pleiss, Geoff and Sun, Yu and Weinberger, Kilian Q},
  booktitle={Proceedings of the 34th International Conference on Machine Learning},
  pages={1321--1330},
  year={2017},
  organization={JMLR. org}
}

@inproceedings{huang2018auggan,
  title={AugGAN: Cross Domain Adaptation with GAN-based Data Augmentation},
  author={Huang, Sheng-Wei and Lin, Che-Tsung and Chen, Shu-Ping and Wu, Yen-Yi and Hsu, Po-Hao and Lai, Shang-Hong},
  booktitle={Proceedings of the European Conference on Computer Vision},
  pages={718--731},
  year={2018}
}

@inproceedings{bousmalis2017unsupervised,
  title={Unsupervised pixel-level domain adaptation with generative adversarial networks},
  author={Bousmalis, Konstantinos and Silberman, Nathan and Dohan, David and Erhan, Dumitru and Krishnan, Dilip},
  booktitle={Proceedings of the IEEE Conference on Computer Vision and Pattern Recognition},
  pages={3722--3731},
  year={2017}
}

@inproceedings{liu2018detach,
  title={Detach and adapt: Learning cross-domain disentangled deep representation},
  author={Liu, Yen-Cheng and Yeh, Yu-Ying and Fu, Tzu-Chien and Wang, Sheng-De and Chiu, Wei-Chen and Frank Wang, Yu-Chiang},
  booktitle={Proceedings of the IEEE Conference on Computer Vision and Pattern Recognition},
  pages={8867--8876},
  year={2018}
}

@inproceedings{murez2018image,
  title={Image to image translation for domain adaptation},
  author={Murez, Zak and Kolouri, Soheil and Kriegman, David and Ramamoorthi, Ravi and Kim, Kyungnam},
  booktitle={Proceedings of the IEEE Conference on Computer Vision and Pattern Recognition},
  pages={4500--4509},
  year={2018}
}

@inproceedings{sankaranarayanan2018generate,
  title={Generate to adapt: Aligning domains using generative adversarial networks},
  author={Sankaranarayanan, Swami and Balaji, Yogesh and Castillo, Carlos D and Chellappa, Rama},
  booktitle={Proceedings of the IEEE Conference on Computer Vision and Pattern Recognition},
  pages={8503--8512},
  year={2018}
}

@inproceedings{volpi2018adversarial,
  title={Adversarial feature augmentation for unsupervised domain adaptation},
  author={Volpi, Riccardo and Morerio, Pietro and Savarese, Silvio and Murino, Vittorio},
  booktitle={Proceedings of the IEEE Conference on Computer Vision and Pattern Recognition},
  pages={5495--5504},
  year={2018}
}

@inproceedings{li2018unsupervised,
  title={Unsupervised Image-to-Image Translation with Stacked Cycle-Consistent Adversarial Networks},
  author={Li, Minjun and Huang, Haozhi and Ma, Lin and Liu, Wei and Zhang, Tong and Jiang, Yugang},
  booktitle={Proceedings of the European Conference on Computer Vision},
  pages={184--199},
  year={2018}
}

@inproceedings{russo2018source,
  title={From source to target and back: symmetric bi-directional adaptive gan},
  author={Russo, Paolo and Carlucci, Fabio M and Tommasi, Tatiana and Caputo, Barbara},
  booktitle={Proceedings of the IEEE Conference on Computer Vision and Pattern Recognition},
  pages={8099--8108},
  year={2018}
}

@article{pan2011domain,
  title={Domain adaptation via transfer component analysis},
  author={Pan, Sinno Jialin and Tsang, Ivor W and Kwok, James T and Yang, Qiang},
  journal={IEEE Transactions on Neural Networks},
  volume={22},
  number={2},
  pages={199--210},
  year={2011},
  publisher={IEEE}
}

@article{duan2012domain,
  title={Domain transfer multiple kernel learning},
  author={Duan, Lixin and Tsang, Ivor W and Xu, Dong},
  journal={IEEE Transactions on Pattern Analysis and Machine Intelligence},
  volume={34},
  number={3},
  pages={465--479},
  year={2012},
  publisher={IEEE}
}

@inproceedings{zhang2013domain,
  title={Domain adaptation under target and conditional shift},
  author={Zhang, Kun and Sch{\"o}lkopf, Bernhard and Muandet, Krikamol and Wang, Zhikun},
  booktitle={International Conference on Machine Learning},
  pages={819--827},
  year={2013}
}

@inproceedings{wang2014flexible,
  title={Flexible transfer learning under support and model shift},
  author={Wang, Xuezhi and Schneider, Jeff},
  booktitle={Advances in Neural Information Processing Systems},
  pages={1898--1906},
  year={2014}
}

@article{tzeng2014deep,
  title={Deep domain confusion: Maximizing for domain invariance},
  author={Tzeng, Eric and Hoffman, Judy and Zhang, Ning and Saenko, Kate and Darrell, Trevor},
  journal={arXiv preprint arXiv:1412.3474},
  year={2014}
}
@inproceedings{haeusser2017associative,
  title={Associative domain adaptation},
  author={Haeusser, Philip and Frerix, Thomas and Mordvintsev, Alexander and Cremers, Daniel},
  booktitle={Proceedings of the IEEE International Conference on Computer Vision},
  pages={2765--2773},
  year={2017}
}
@inproceedings{tzeng2015simultaneous,
  title={Simultaneous deep transfer across domains and tasks},
  author={Tzeng, Eric and Hoffman, Judy and Darrell, Trevor and Saenko, Kate},
  booktitle={Proceedings of the IEEE International Conference on Computer Vision},
  pages={4068--4076},
  year={2015}
}

@inproceedings{xie2018learning,
  title={Learning semantic representations for unsupervised domain adaptation},
  author={Xie, Shaoan and Zheng, Zibin and Chen, Liang and Chen, Chuan},
  booktitle={International Conference on Machine Learning},
  pages={5419--5428},
  year={2018}
}

@inproceedings{murez2018image,
  title={Image to image translation for domain adaptation},
  author={Murez, Zak and Kolouri, Soheil and Kriegman, David and Ramamoorthi, Ravi and Kim, Kyungnam},
  booktitle={Proceedings of the IEEE Conference on Computer Vision and Pattern Recognition},
  pages={4500--4509},
  year={2018}
}

@article{long2015learning,
  title={Learning transferable features with deep adaptation networks},
  author={Long, Mingsheng and Cao, Yue and Wang, Jianmin and Jordan, Michael I},
  journal={arXiv preprint arXiv:1502.02791},
  year={2015}
}
@inproceedings{long2016unsupervised,
  title={Unsupervised domain adaptation with residual transfer networks},
  author={Long, Mingsheng and Zhu, Han and Wang, Jianmin and Jordan, Michael I},
  booktitle={Advances in Neural Information Processing Systems},
  pages={136--144},
  year={2016}
}

@inproceedings{long2017deep,
  title={Deep transfer learning with joint adaptation networks},
  author={Long, Mingsheng and Zhu, Han and Wang, Jianmin and Jordan, Michael I},
  booktitle={Proceedings of the 34th International Conference on Machine Learning-Volume 70},
  pages={2208--2217},
  year={2017}
}

@article{courty2016optimal,
  title={Optimal transport for domain adaptation},
  author={Courty, Nicolas and Flamary, R{\'e}mi and Tuia, Devis and Rakotomamonjy, Alain},
  journal={IEEE transactions on pattern analysis and machine intelligence},
  volume={39},
  number={9},
  pages={1853--1865},
  year={2016},
  publisher={IEEE}
}

@article{zellinger2017central,
  title={Central moment discrepancy (cmd) for domain-invariant representation learning},
  author={Zellinger, Werner and Grubinger, Thomas and Lughofer, Edwin and Natschl{\"a}ger, Thomas and Saminger-Platz, Susanne},
  journal={arXiv preprint arXiv:1702.08811},
  year={2017}
}

@article{hoffman2017cycada,
  title={Cycada: Cycle-consistent adversarial domain adaptation},
  author={Hoffman, Judy and Tzeng, Eric and Park, Taesung and Zhu, Jun-Yan and Isola, Phillip and Saenko, Kate and Efros, Alexei A and Darrell, Trevor},
  journal={arXiv preprint arXiv:1711.03213},
  year={2017}
}

@inproceedings{wang2018high,
  title={High-resolution image synthesis and semantic manipulation with conditional gans},
  author={Wang, Ting-Chun and Liu, Ming-Yu and Zhu, Jun-Yan and Tao, Andrew and Kautz, Jan and Catanzaro, Bryan},
  booktitle={Proceedings of the IEEE Conference on Computer Vision and Pattern Recognition},
  pages={8798--8807},
  year={2018}
}

@article{ben2010theory,
  title={A theory of learning from different domains},
  author={Ben-David, Shai and Blitzer, John and Crammer, Koby and Kulesza, Alex and Pereira, Fernando and Vaughan, Jennifer Wortman},
  journal={Machine learning},
  volume={79},
  number={1-2},
  pages={151--175},
  year={2010},
  publisher={Springer}
}

@inproceedings{cariucci2017autodial,
  title={Autodial: Automatic domain alignment layers},
  author={Cariucci, Fabio Maria and Porzi, Lorenzo and Caputo, Barbara and Ricci, Elisa and Bulo, Samuel Rota},
  booktitle={2017 IEEE International Conference on Computer Vision},
  pages={5077--5085},
  year={2017},
  organization={IEEE}
}

@article{li2016revisiting,
  title={Revisiting batch normalization for practical domain adaptation},
  author={Li, Yanghao and Wang, Naiyan and Shi, Jianping and Liu, Jiaying and Hou, Xiaodi},
  journal={arXiv preprint arXiv:1603.04779},
  year={2016}
}

@article{creswell2018generative,
  title={Generative adversarial networks: An overview},
  author={Creswell, Antonia and White, Tom and Dumoulin, Vincent and Arulkumaran, Kai and Sengupta, Biswa and Bharath, Anil A},
  journal={IEEE Signal Processing Magazine},
  volume={35},
  number={1},
  pages={53--65},
  year={2018},
  publisher={IEEE}
}

@inproceedings{bhushan2018deepjdot,
  title={Deepjdot: Deep joint distribution optimal transport for unsupervised domain adaptation},
  author={Bhushan Damodaran, Bharath and Kellenberger, Benjamin and Flamary, R{\'e}mi and Tuia, Devis and Courty, Nicolas},
  booktitle={Proceedings of the European Conference on Computer Vision},
  pages={447--463},
  year={2018}
}

@inproceedings{goodfellow2014generative,
  title={Generative adversarial nets},
  author={Goodfellow, Ian and Pouget-Abadie, Jean and Mirza, Mehdi and Xu, Bing and Warde-Farley, David and Ozair, Sherjil and Courville, Aaron and Bengio, Yoshua},
  booktitle={Advances in Neural Information Processing Systems},
  pages={2672--2680},
  year={2014}
}

@inproceedings{Partial-ENT,
  title={Learning to Transfer Examples for Partial Domain Adaptation},
  author={Cao, Zhangjie and You, Kaichao and Long, Mingsheng and Wang, Jianmin and Yang, Qiang},
  booktitle={Proceedings of the IEEE Conference on Computer Vision and Pattern Recognition},
  pages={2985--2994},
  year={2019}
}

@article{ganin2016domain,
  title={Domain-adversarial training of neural networks},
  author={Ganin, Yaroslav and Ustinova, Evgeniya and Ajakan, Hana and Germain, Pascal and Larochelle, Hugo and Laviolette, Fran{\c{c}}ois and Marchand, Mario and Lempitsky, Victor},
  journal={The Journal of Machine Learning Research},
  volume={17},
  number={1},
  pages={2096--2030},
  year={2016},
  publisher={JMLR. org}
}


@inproceedings{PDA-sep,
  title={Separate to Adapt: Open Set Domain Adaptation via Progressive Separation},
  author={Liu, Hong and Cao, Zhangjie and Long, Mingsheng and Wang, Jianmin and Yang, Qiang},
  booktitle={Proceedings of the IEEE Conference on Computer Vision and Pattern Recognition},
  pages={2927--2936},
  year={2019}
}


@inproceedings{PDA-fac,
title={Learning factorized representations for open-set domain adaptation},
author={Mahsa Baktashmotlagh and Masoud Faraki and Tom Drummond and Mathieu Salzmann},
booktitle={International Conference on Learning Representations},
year={2019},
}

#related work

@article{scheirer2012toward,
  title={Toward open set recognition},
  author={Scheirer, Walter J and de Rezende Rocha, Anderson and Sapkota, Archana and Boult, Terrance E},
  journal={IEEE Transactions on Pattern Analysis and Machine Intelligence},
  volume={35},
  number={7},
  pages={1757--1772},
  year={2012},
  publisher={IEEE}
}


@article{scheirer2014probability,
  title={Probability models for open set recognition},
  author={Scheirer, Walter J and Jain, Lalit P and Boult, Terrance E},
  journal={IEEE Transactions on Pattern Analysis and Machine Intelligence},
  volume={36},
  number={11},
  pages={2317--2324},
  year={2014},
  publisher={IEEE}
}

@inproceedings{bendale2016towards,
  title={Towards open set deep networks},
  author={Bendale, Abhijit and Boult, Terrance E},
  booktitle={Proceedings of the IEEE Conference on Computer Vision and Pattern Recognition},
  pages={1563--1572},
  year={2016}
}

@article{junior2017nearest,
  title={Nearest neighbors distance ratio open-set classifier},
  author={J{\'u}nior, Pedro R Mendes and de Souza, Roberto M and Werneck, Rafael de O and Stein, Bernardo V and Pazinato, Daniel V and de Almeida, Waldir R and Penatti, Ot{\'a}vio AB and Torres, Ricardo da S and Rocha, Anderson},
  journal={Machine Learning},
  volume={106},
  number={3},
  pages={359--386},
  year={2017},
  publisher={Springer}
}

@article{ge2017generative,
  title={Generative openmax for multi-class open set classification},
  author={Ge, ZongYuan and Demyanov, Sergey and Chen, Zetao and Garnavi, Rahil},
  journal={arXiv preprint arXiv:1707.07418},
  year={2017}
}

